<?xml version="1.0" encoding="UTF-8"?><collection xmlns="http://www.loc.gov/MARC21/slim"><record><leader>00747nam--2200229-u-4500</leader><controlfield tag="001">000050451</controlfield><controlfield tag="002">20161230</controlfield><controlfield tag="003">81851</controlfield><controlfield tag="005">20161230201048</controlfield><controlfield tag="008">070322s1000------------r-----000-0-eng-d</controlfield><datafield ind1=" " ind2=" " tag="020"><subfield code="a">0792383141</subfield></datafield><datafield ind1=" " ind2=" " tag="040"><subfield code="a">IFIN-HH</subfield></datafield><datafield ind1=" " ind2=" " tag="080"><subfield code="a">534.4:531.111</subfield></datafield><datafield ind1="1" ind2=" " tag="100"><subfield code="a">Cohen, Leon</subfield></datafield><datafield ind1="1" ind2="0" tag="245"><subfield code="a">Recent Developments in Time-Frequency analysis</subfield><subfield code="b">A Special Issue of Multidimensional Systems and Signal Procesing. An International Journal</subfield><subfield code="c">Leon Cohen, Patrick Loughlin (Eds.)</subfield></datafield><datafield ind1=" " ind2=" " tag="260"><subfield code="a">Dordrecht</subfield><subfield code="b">Kluwer Academic Publishers</subfield><subfield code="c">1998</subfield></datafield><datafield ind1=" " ind2=" " tag="300"><subfield code="a">473 p</subfield></datafield><datafield ind1=" " ind2=" " tag="490"><subfield code="v">Vol 9, No.4 (1998)</subfield></datafield><datafield ind1=" " ind2="4" tag="650"><subfield code="a">Joint Distributions of Arbitrary Variables</subfield></datafield><datafield ind1="1" ind2=" " tag="700"><subfield code="a">Loughlin, Patrick</subfield><subfield code="e">ed</subfield></datafield><datafield ind1=" " ind2=" " tag="852"><subfield code="a">81851</subfield><subfield code="c">534</subfield></datafield><datafield ind1=" " ind2=" " tag="CAT"><subfield code="a">Sys</subfield><subfield code="c">20101014</subfield><subfield code="h">094331</subfield></datafield></record></collection>